% Encoding: UTF-8

@book{Abraham.2010,
 abstract = {As the structure of the economy has changed over the past few decades, researchers and policy makers have been increasingly concerned with how these changes affect workers. In this book, leading economists examine a variety of important trends in the new economy, including inequality of earnings and other forms of compensation, job security, employer reliance on temporary and contract workers, hours of work, and workplace safety and health.In order to better understand these vital issues, scholars must be able to accurately measure labor market activity. Thus, Labor in the New Economy also add},
 year = {2010},
 title = {Labor in the new economy},
 address = {Chicago and London},
 volume = {v. 71},
 publisher = {{University of Chicago Press}},
 isbn = {978-0-226-00143-2},
 series = {Studies in income and wealth},
 editor = {Abraham, Katharine G. and Spletzer, James and Harper, Michael J.}
}


@incollection{Knolmayer.2007,
 author = {Knolmayer, Gerhard F.},
 title = {Sourcing-Entscheidungen aus den Perspektiven des Produktions- und Informationsmanagement},
 pages = {1--30},
 volume = {v.356},
 publisher = {{DUV Deutscher Universit{\"a}ts-Verlag}},
 isbn = {978-3-8350-0830-4},
 series = {Beitr{\"a}ge zur Produktionswirtschaft},
 editor = {Specht, Dieter},
 booktitle = {Insourcing, Outsourcing, Offshoring},
 year = {2007},
 address = {s.l.}
}


@misc{Kozlow.2006,
 author = {Kozlow, Ralph},
 editor = {{Bureau of Economic Analysis}},
 year = {2006},
 title = {Globalization, Offshoring, and Multinational Companies: What Are the Questions, and How Well Are We Doing in Answering Them?},
 url = {http://bea.gov/papers/pdf/06AEAMNCpaperFinal.pdf},
 urldate = {2016-08-11}
}


@article{Kuruvilla.2016,
 author = {Kuruvilla, S. and Noronha, E.},
 year = {2016},
 title = {From Pyramids to Diamonds: Legal Process Offshoring, Employment Systems, and Labor Markets for Lawyers in the United States and India},
 pages = {354--377},
 volume = {69},
 number = {2},
 issn = {0019-7939},
 journal = {ILR Review},
 doi = {10.1177/0019793915619903}
}


@article{Levy.2005,
 author = {Levy, David L.},
 year = {2005},
 title = {Offshoring in the New Global Political Economy},
 pages = {685--693},
 volume = {42},
 number = {3},
 issn = {00222380},
 journal = {Journal of Management Studies},
 doi = {10.1111/j.1467-6486.2005.00514.x}
}


@incollection{Lin.2011,
 author = {Lin, Tingting},
 title = {Investigating Culture in IT Offshoring: A Literature Review},
 pages = {124--137},
 volume = {86},
 publisher = {{Springer Berlin Heidelberg}},
 isbn = {978-3-642-22765-3},
 series = {Lecture Notes in Business Information Processing},
 editor = {{van der Aalst}, Wil and Mylopoulos, John and Rosemann, Michael and Shaw, Michael J. and Szyperski, Clemens and Salmela, Hannu and Sell, Anna},
 booktitle = {Nordic Contributions in IS Research},
 year = {2011},
 address = {Berlin, Heidelberg},
 doi = {10.1007/978-3-642-22766-0{\textunderscore }12}
}


@book{Muller.2013,
 abstract = {Main description: Entscheidungstr{\"a}ger stehen heute vor der Herausforderung, vielf{\"a}ltige und h{\"a}ufig gegens{\"a}tzliche Anforderungen bew{\"a}ltigen zu m{\"u}ssen. Das diesem Buch zugrundeliegende integrierte Konzept der Managementforschung und -lehre hilft dabei, diese multidimensionale Perspektive abzubilden: Der Leser betrachtet ein Thema aus gegens{\"a}tzlichen Perspektiven und entwickelt damit ein realit{\"a}tsn{\"a}heres Bild. Er gewinnt vertiefte analytische Kenntnisse und denkt in Alternativen und Handlungsspielr{\"a}umen. Ein klarer, einfacher Aufbau und zahlreiche Praxisbeispiele runden die Anwendungsorientierung des Titels ab. F{\"u}r die Neuauflage wurden Fallstudien und Videolinks aktualisiert und erg{\"a}nzt sowie ein neues Kapitel {\"u}ber Outsourcing, Offshoring und Crowdsourcing hinzugef{\"u}gt.},
 author = {M{\"u}ller, Hans-Erich},
 year = {2013},
 title = {Unternehmensf{\"u}hrung: Strategien -- Konzepte -- Praxisbeispiele},
 url = {http://dx.doi.org/10.1524/9783486729016},
 address = {M{\"u}nchen},
 edition = {2. Aufl.},
 publisher = {{De Gruyter}},
 isbn = {9783486716306},
 doi = {10.1524/9783486729016}
}


@book{Pedersen.2013,
 abstract = {The continuous search for efficiency gains and the goal of attaining a sustainable competitive advantage have steadily increased the volume of goods and services procured globally from third party vendors. In this context, named as ``the next wave of globalization'', the offshoring phenomenon has stimulated research and political debates. With the rise of services offshoring, international value chain disaggregation for services has reached a formerly unknown scale. Also, it is increasingly complex transactions, requiring a higher degree of qualification, which are becoming subject to offshoring as well.The Offshoring Challenge: Strategic Design and Innovation for Tomorrow's Organizationfeatures selected chapters by an international research community on the topic of offshoring. All potential business models from offshore outsourcing to third party providers are covered, from cooperative arrangements to internal organizational set-ups including captive offshore centers. Contributions have significant insights regarding: the increasing offshoring of knowledge-intensive services; the offshoring process; business models incorporating offshoring; the hidden costs of offshoring; and the administration of offshoring activities within firmsThe book is aimed at a broad audience of scholars, students and practitioners in the fields of strategy, international business and operations management},
 year = {2013},
 title = {The Offshoring Challenge: Strategic Design and Innovation for Tomorrow's Organization},
 address = {London},
 publisher = {Springer},
 isbn = {978-1-4471-4907-1},
 editor = {Pedersen, Torben and Bals, Lydia and Jensen, Peter D. and Larsen, Marcus M.},
 doi = {10.1007/978-1-4471-4908-8}
}


@article{Pisani.2016,
 author = {Pisani, Niccol{\`o} and Ricart, Joan Enric},
 year = {2016},
 title = {Offshoring of Services: A Review of the Literature and Organizing Framework},
 keywords = {Offshoring of services Services relocation Offshore outsourcing Globally distributed work Systematic review},
 pages = {385--424},
 volume = {56},
 number = {3},
 issn = {0938-8249},
 journal = {Management International Review},
 doi = {10.1007/s11575-015-0270-7}
}


@article{Rottman.2008,
 author = {Rottman, Joseph W. and Lacity, Mary C.},
 year = {2008},
 title = {A US Client's learning from outsourcing IT work offshore},
 pages = {259--275},
 volume = {10},
 number = {2},
 issn = {1387-3326},
 journal = {Information Systems Frontiers},
 doi = {10.1007/s10796-007-9061-4}
}


@book{Rubin.2012,
 author = {Rubin, Herbert J.},
 year = {2012},
 title = {Qualitative interviewing},
 address = {Los Angeles [u.a.]},
 edition = {3},
 publisher = {Sage},
 isbn = {978-1-4129-7837-8}
}


@article{Sachs.1995,
 abstract = {CiteSeerX - Document Details (Isaac Councill, Lee Giles, Pradeep Teregowda): world economy roughly accorded with the idea of three distinct economic systems: a capitalist first world, a socialist second world, and a developing third world which aimed for a middle way between the first two. The third world was characterized not only by its low levels of per capita GDP, but also by a distinctive economic system that assigned the state sector the predominant role in industrialization, although not the monopoly on industrial ownership as in the socialist economies. The years between 1970 and 1995, and especially the last decade, have witnessed the most remarkable institutional harmonization and economic integration among nations in world history. While economic integration was increasing throughout the 1970s and 1980s, the extent of integration has come sharply into focus only since the collapse of communism in 1989. In 1995 one dominant global economic system is emerging. The common set of institutions is exemplified by the new World Trade Organization (WTO), which was established by agreement of},
 author = {Sachs, Jeffrey D. and Warner, Andrew},
 year = {1995},
 title = {Economic Reform and the Process of Global Integration},
 pages = {1--118},
 volume = {1},
 journal = {Brookings Papers on Economic Activity}
}


@article{Schroder.2013,
 author = {Schr{\"o}der, Martin},
 year = {2013},
 title = {Should I stay or should I go? How moral arguments influence decisions about offshoring production},
 pages = {187--204},
 volume = {34},
 number = {2},
 issn = {0143-831X},
 journal = {Economic and Industrial Democracy},
 doi = {10.1177/0143831X12440465}
}


@book{Schumacher.2005,
 abstract = {Customer Relationship Management (CRM) wurde in der j{\"u}ngsten Vergangenheit in zahlreichen Unternehmen zur Verbesserung der Kundenbeziehungen eingef{\"u}hrt. Alternativ zur Eigenerstellung besteht f{\"u}r Unternehmen die M{\"o}glichkeit, Prozesse oder Teilprozesse des CRM an externe Dienstleister fremdzuvergeben (Prozess-Outsourcing). F{\"u}r eine unternehmens{\"u}bergreifende Zusammenarbeit, wie sie beim Outsourcing von Gesch{\"a}ftsprozessen besteht, bieten moderne IuK-Technologien, insbesondere das Internet, innovative M{\"o}glichkeiten. J{\"o}rg Schumacher untersucht die Voraussetzungen f{\"u}r ein erfolgreiches Outsourcing von CRM-Prozessen und erl{\"a}utert wesentliche Aspekte der Entscheidungsfindung. Er zeigt exemplarische Einsatzm{\"o}glichkeiten auf und wendet diese auf den Fall des Outsourcing an Betreiber von elektronischen Marktpl{\"a}tzen an. Die Ergebnisse werden durch verschiedene Studien {\"u}berpr{\"u}ft und anhand eines praxisnahen Fallbeispiels veranschaulicht},
 author = {Schumacher, J{\"o}rg},
 year = {2005},
 title = {Outsourcing von CRM-Prozessen: Voraussetzungen, Chancen, innovative Einsatzm{\"o}glichkeiten im elektronischen B2B-Markt},
 address = {Wiesbaden and s.l.},
 publisher = {{Deutscher Universit{\"a}tsverlag}},
 isbn = {978-3-8350-0153-4},
 series = {Wirtschaftsinformatik},
 doi = {10.1007/978-3-322-82164-5}
}


@article{Smite.2015,
 author = {Smite, Darja and Calefato, Fabio and Wohlin, Claes},
 year = {2015},
 title = {Cost Savings in Global Software Engineering: Where's the Evidence?},
 pages = {26--32},
 volume = {32},
 number = {4},
 issn = {0740-7459},
 journal = {IEEE Software},
 doi = {10.1109/MS.2015.102}
}


@book{Specht.2007,
 abstract = {Der Stellenabbau in Westeuropa zugunsten kosteng{\"u}nstigerer Standorte wird von der Diskussion {\"u}ber Produktionsverlagerungen und Outsourcing begleitet. In der Praxis {\"u}berdeckte jedoch der starke Kostenbezug bei Offshoring- und Outsourcing-Entscheidungen wichtige Aspekte bei der Gestaltung inner- und {\"u}berbetrieblicher Wertsch{\"o}pfungsketten, wie beispielsweise R{\"u}ckverlagerungen und Re-Insourcing-Aktivit{\"a}ten belegen.  Die Beitr{\"a}ge dieses Tagungsbandes thematisieren die Gestaltung von Wertsch{\"o}pfungsketten und bieten Anregungen zu breiter angelegten {\"U}berlegungen bei der Standortwahl, wobei die wichtigen Aspekte bei strategischen Entscheidungen {\"u}ber Verlagerungen ber{\"u}cksichtigt werden.



Die Beitr{\"a}ge dieses Tagungsbandes thematisieren die Gestaltung von Wertsch{\"o}pfungsketten und bieten Anregungen zu breiter angelegten {\"U}berlegungen bei der Standortwahl, wobei die wichtigen Aspekte bei strategischen Entscheidungen {\"u}ber Verlagerungen ber{\"u}cksichtigt werden.  Prof. Dr.-Ing. habil. Dieter Specht ist Leiter des Lehrstuhls f{\"u}r Produktionswirtschaft an der Technischen Universit{\"a}t in Cottbus.},
 year = {2007},
 title = {Insourcing, Outsourcing, Offshoring},
 address = {s.l.},
 edition = {1. Aufl.},
 volume = {v.356},
 publisher = {{DUV Deutscher Universit{\"a}ts-Verlag}},
 isbn = {978-3-8350-0830-4},
 series = {Beitr{\"a}ge zur Produktionswirtschaft},
 editor = {Specht, Dieter}
}


@incollection{Specht.2007b,
 author = {Specht, Dieter and Lutz, Markus},
 title = {Outsourcing und Offshoring als strategische Handlungsalternativen},
 pages = {43--60},
 volume = {v.356},
 publisher = {{DUV Deutscher Universit{\"a}ts-Verlag}},
 isbn = {978-3-8350-0830-4},
 series = {Beitr{\"a}ge zur Produktionswirtschaft},
 editor = {Specht, Dieter},
 booktitle = {Insourcing, Outsourcing, Offshoring},
 year = {2007},
 address = {s.l.}
}


@book{Sprague.2003,
 year = {2003},
 title = {Proceedings of the 36th Annual Hawaii International Conference on System Sciences: 6 - 9 January 2003, Big Island, Hawaii ; abstracts and CD-ROM of full papers ; [HICSS-36]},
 keywords = {Evaluating Offshore IT Outsourcing in India: Supplier and Customer Scenarios},
 address = {Los Alamitos, Calif.},
 publisher = {{IEEE Computer Soc}},
 isbn = {978-0-7695-1874-9},
 editor = {Sprague, Ralph H.}
}


@misc{StatistischesBundesamt.2008,
 author = {{Statistisches Bundesamt}},
 year = {2008},
 title = {Verlagerung wirtschaftlicher Aktivit{\"a}ten: Ergebnisse der Piloterhebung},
 url = {https://www.destatis.de/DE/Publikationen/Thematisch/UnternehmenHandwerk/VerlagerungAktivitaeten5529301069004.pdf?__blob=publicationFile},
 keywords = {Europa;Globalisierung;Internationalisierung;outsourcing;Standortverlagerun;Unternehmen},
 address = {Wiesbaden},
 urldate = {2016-08-08}
}


@book{Steimle.2007,
 abstract = {Der Mangel an qualifizierten Softwareentwicklern im deutschsprachigen Raum versch{\"a}rft sich weiter. Die effektive Zusammenarbeit in weltweit verteilten Teams ist ein entscheidender Wettbewerbsfaktor. Daher wird Offshoring immer relevanter. Bisher haben vor allem sehr gro{\ss}e Unternehmen Erfahrungen mit Offshore-Softwareentwicklung sammeln k{\"o}nnen. Der Autor verfolgt das Ziel, das Thema auch kleinen und mittleren Unternehmen n{\"a}her zu bringen und die Eintrittsbarrieren f{\"u}r kosteng{\"u}nstige Offshore-Softwareentwicklungen zu reduzieren. Was k{\"o}nnen diese Unternehmen aus den Anf{\"a}ngerfehlern der First Move},
 author = {Steimle, Toni},
 year = {2007},
 title = {Softwareentwicklung im Offshoring: Erfolgsfaktoren f{\"u}r die Praxis},
 address = {Berlin, Heidelberg},
 publisher = {{Springer-Verlag Berlin Heidelberg}},
 isbn = {978-3-540-71045-5},
 series = {Xpert.press},
 doi = {10.1007/978-3-540-71046-2}
}


@book{vanderAalst.2011,
 year = {2011},
 title = {Nordic Contributions in IS Research},
 address = {Berlin, Heidelberg},
 publisher = {{Springer Berlin Heidelberg}},
 isbn = {978-3-642-22765-3},
 series = {Lecture Notes in Business Information Processing},
 editor = {{van der Aalst}, Wil and Mylopoulos, John and Rosemann, Michael and Shaw, Michael J. and Szyperski, Clemens and Salmela, Hannu and Sell, Anna},
 doi = {10.1007/978-3-642-22766-0}
}


@incollection{Winkler.1994,
 author = {Winkler, Alan},
 title = {Decades of Change},
 url = {http://usa.usembassy.de/etexts/history/ch12.htm},
 urldate = {2016-08-16},
 publisher = {{United States Information Agency}},
 editor = {Cincotta, Howard},
 booktitle = {An outline of American history},
 year = {1994},
 address = {[S.l.]}
}


@incollection{Winkler.1994b,
 author = {Winkler, Alan},
 title = {Postwar America},
 url = {http://usa.usembassy.de/etexts/history/ch11.htm},
 urldate = {2016-08-16},
 publisher = {{United States Information Agency}},
 editor = {Cincotta, Howard},
 booktitle = {An outline of American history},
 year = {1994},
 address = {[S.l.]}
}


@incollection{Winkler.1994c,
 author = {Winkler, Alan},
 title = {Toward the 21st Century},
 url = {http://usa.usembassy.de/etexts/history/ch13.htm},
 urldate = {2016-08-16},
 publisher = {{United States Information Agency}},
 editor = {Cincotta, Howard},
 booktitle = {An outline of American history},
 year = {1994},
 address = {[S.l.]}
}


@article{Kirkegaard.2005,
 author = {Kirkegaard, Jacob F.},
 year = {2005},
 title = {Outsourcing and Offshoring: Pushing the European Model Over the Hill, Rather than Off the Cliff!},
 keywords = {European Union;Labor Markets;Multinational Companies;offshoring;outsourcing;Public Regulation;Regional Aid},
 issn = {1556-5068},
 journal = {SSRN Electronic Journal},
 doi = {10.2139/ssrn.688183}
}


@misc{Winkler.2011,
 author = {Winkler, Deborah and Milberg, William},
 year = {2011},
 title = {Classical and Neoclassical Theories of Offshore Outsourcing},
 url = {http://www.economicpolicyresearch.org/econ/2011/NSSR_WP_132011.pdf},
 urldate = {2016-07-25},
 number = {13}
}


@misc{Kimmel.2005,
 author = {Kimmel, Elke},
 editor = {{Bundeszentrale f{\"u}r politische Bildung}},
 year = {2005},
 title = {Grundz{\"u}ge des Marshallplans: Eine Einleitung},
 url = {http://www.bpb.de/geschichte/deutsche-geschichte/marshallplan/40034/einleitung},
 urldate = {2016-08-14}
}


@incollection{Jensen.2010,
 author = {Jensen, J. Bradford and Kletzer, Lori G.},
 title = {Measuring Tradable Services and the Task Content of Offshorable Services Jobs},
 pages = {309--335},
 volume = {v. 71},
 publisher = {{University of Chicago Press}},
 isbn = {978-0-226-00143-2},
 series = {Studies in income and wealth},
 editor = {Abraham, Katharine G. and Spletzer, James and Harper, Michael J.},
 booktitle = {Labor in the new economy},
 year = {2010},
 address = {Chicago and London}
}


@article{Alebrand.2013,
 abstract = {[Veronika Lawrence 2016] Interview mit Wolf-Werner Alebrand von Shell {\"u}ber dessen T{\"a}tigkeit zum Offshoring der Buchhaltungsprozesse des Shell-Konzern.},
 author = {Alebrand, Wolf-Werner},
 year = {2013},
 title = {Offshoring statt Outsourcing},
 keywords = {Interview},
 pages = {86--92},
 volume = {57},
 number = {8},
 issn = {2195-8262},
 journal = {Controlling {\&} Management Review},
 doi = {10.1365/s12176-013-0812-4}
}


@article{Andersson.2016,
 abstract = {[Aus:~Andersson /~Karpaty /~Savsin 2016]

Based on firm-level data over the period 1997--2002 for the Swedish manufacturing sector the objective of this paper is to analyze relative labor demand effects due to offshoring, separating between materials and services offshoring and also geographical location of trade partner. Overall, our results give no support to the fears that offshoring of materials or services lead to out-location of high-skilled activity in Swedish firms. Rather, this paper finds evidence that the aggregate effects from offshoring lead to increasing relative demand of high-skilled labor, mainly due to services offshoring to middle income countries.},
 author = {Andersson, Linda and Karpaty, Patrik and Savsin, Selen},
 year = {2016},
 title = {Firm-level effects of offshoring of materials and services on relative labor demand},
 keywords = {Offshoring Firm-level data Relative employment Translog cost function},
 pages = {321--350},
 volume = {152},
 number = {2},
 issn = {1610-2878},
 journal = {Review of World Economics},
 doi = {10.1007/s10290-015-0243-8}
}


@book{Antras.2005,
 abstract = {How does the formation of cross-country teams affect the organization ofwork and the structure of wages? To study this question, we propose a theory of the assignment of heterogeneous agents into hierarchical teams, where less skilled agents specialize in production and more skilled agents specialize in problem solving. We first analyze the properties of the competitive equilibrium of the model in a closed economy, and show that the model has a unique and efficient solution. We then study the equilibrium of a two-country model (North and South), where countries differ in their distributions of ability, and in which agents in different countries can join together in teams. We refer to this type of integration as globalization. Globalization leads to better matches for all southern workers but only for the best northern workers. As a result, we show that globalization increases wage inequality among nonmanagers in the South, but not necessarily in the North. We also study how globalization affects the size distribution of firms and the patterns of consumption and trade in the global economy.},
 author = {Antr{\`a}s, Pol and Garicano, Luis and Rossi-Hansberg, Esteban},
 year = {2005},
 title = {Offshoring in a Knowledge Economy},
 address = {Cambridge, MA},
 publisher = {{National Bureau of Economic Research}},
 doi = {10.3386/w11094}
}


@article{Antras.2004,
 abstract = {We present a North-South model of international trade in which differentiated products are developed in the North. Sectors are populated by final-good producers who differ in productivity levels. On the basis of productivity and sectoral characteristics, firms decide whether to integrate into the production of intermediate inputs or outsource them. In either case they have to decide from which country to source the inputs. Final-good producers and their suppliers must make relationship-specific investments, both in an integrated firm and in an arm's-length relationship. We describe an equilibrium in which firms with different productivity levels choose different ownership structures and supplier locations. We then study the effects of withinsectoral heterogeneity and variations in industry characteristics on the relative prevalence of these organizational forms.},
 author = {Antr{\`a}s, Pol and Helpman, Elhanan},
 year = {2004},
 title = {Global Sourcing},
 pages = {552--580},
 volume = {112},
 number = {3},
 journal = {Journal of Political Economy}
}


@article{Arnold.2015,
 abstract = {This paper analyzes a North-South trade model with offshoring and unemployment due to union wage setting. A reduction in the cost of offshoring decreases employment in the North except possibly if there is little offshoring initially. If the scale of Northern firms also falls, then each Northern agent's welfare declines. Unions have an incentive to reduce their own bargaining power by strategically delegating wage negotiation so as to cushion the negative employment effects.},
 author = {Arnold, Lutz G. and Trepl, Stefanie},
 year = {2015},
 title = {A North-South Trade Model of Offshoring and Unemployment},
 pages = {999--1039},
 volume = {26},
 number = {5},
 issn = {0923-7992},
 journal = {Open Economies Review},
 doi = {10.1007/s11079-015-9359-7}
}


@book{Bacchetta.2011,
 abstract = {Consists of contributions by leading academic experts who analyse the various channels through which globalization affects jobs and wages. The authors examine how trade and labour market policies could be adapted to make globalization socially sustainable.


Globalization is widely seen as a powerful engine that has the potential to promote growth and development. For many years, however, concerns have also been raised about the effects of globalization on jobs and wages. This has led to questions about the social sustainability of globalization. Jointly published by the ILO and the WTO, with funding by the International Chamber of Commerce, this publication consists of contributions by leading academic experts who analyse the various channels through which globalization affects jobs and wages. Together, the nine chapters in this volume summarize state-of-the art knowledge on themes related to the social dimension of globalization. The volume, therefore, represents a step in the direction of a better understanding of the mechanisms through which globalization affects workers and of the measures that governments can take to give globalization a strong social dimension. It will be of value to all those who are interested in the debate on the social sustainability of globalization, including workers and employers, policy-makers, academics, and other trade and labour specialists. -- Publisher description.},
 year = {2011},
 title = {Making globalization socially sustainable},
 keywords = {developed countries;developing countries;D{\'e}veloppement durable;distribuci{\'o}n del ingreso;empleo;emploi;employment;externalisation des activit{\'e}s;globalizaci{\'o}n;Globalization;Income distribution;International trade;Labor market;lib{\'e}ralisation des {\'e}changes;liberalizaci{\'o}n del intercambio;Mondialisation;outsourcing;pa{\'i}ses desarrollados;pa{\'i}ses en desarrollo;pays d{\'e}velopp{\'e}s;pays en d{\'e}veloppement;Politique de l'emploi;protecci{\'o}n social;protection sociale;r{\'e}partition du revenu;salaire;salario;social protection;Soci{\'e}t{\'e};Sociologie;tercerizaci{\'o}n;trade liberalization;Wages},
 address = {Geneva},
 publisher = {{World Trade Organization} and {International Labour Office}},
 isbn = {9221245837},
 editor = {Bacchetta, Marc and Jansen, Marion}
}


@book{Bogner.2009,
 year = {2009},
 title = {Interviewing experts},
 keywords = {Aufsatzsammlung;Befragung;F{\"u}hrungskr{\"a}fte;Interview;Interviewing;Interviews;Methodology;Qualitatives Interview;Sachverst{\"a}ndige;Specialists;Spezialist},
 address = {Houndmills},
 publisher = {{Palgrave Macmillan}},
 isbn = {978-0-230-24427-6},
 series = {Research methods series},
 editor = {Bogner, Alexander and Littig, Beate and Menz, Wolfgang and Kittel, Bernhard}
}


@article{Brandle.2015,
 abstract = {This paper analyses the link between offshoring in German plants and the offshoring potential of their employees. It uses information on the offshoring potential of jobs from representative task data and merges it with linked employer-- employee data, for which information on different modes of offshoring behaviour is available. It empirically identifies individual and plant-level determinants of offshoring activity and additionally analyses how offshoring potential influences the realisation of offshoring by German plants. Depending on the measure for actual offshoring, it mostly finds a negative link: firms are less likely to outsource or offshore parts of their production processes if their outsourcing and offshoring potential is high. This indicates that existing measures of offshoring potential can indeed be interpreted as not-yet realised offshoring, or offshoring that cannot be realised, e.g. due to trade barriers.},
 author = {Br{\"a}ndle, Tobias},
 year = {2015},
 title = {Is offshoring linked to offshoring potential? Evidence from German linked employer--employee data},
 keywords = {Outsourcing Offshoring Trade in tasks},
 pages = {735--766},
 volume = {151},
 number = {4},
 issn = {1610-2878},
 journal = {Review of World Economics},
 doi = {10.1007/s10290-015-0228-7}
}


@article{Cappallo.2006,
 author = {Cappallo, Stefan and Da-Cruz, Patrick},
 year = {2006},
 title = {Offshoring},
 pages = {487--488},
 number = {04},
 journal = {DBW - Die Betriebswirtschaft}
}


@article{Chipalkatti.2013,
 author = {Chipalkatti, Niranjan and Buchanan, Bonnie G. and Koch, Bruce and Doh, Jonathan},
 year = {2013},
 title = {Enhancing Value in IT Services Offshoring: Real Options Matter},
 volume = {8},
 number = {1},
 issn = {2194-606X},
 journal = {Asia-Pacific Journal of Risk and Insurance},
 doi = {10.1515/apjri-2013-0019}
}


@book{Cincotta.1994,
 year = {1994},
 title = {An outline of American history},
 url = {http://usa.usembassy.de/etexts/history/toc.htm},
 address = {[S.l.]},
 urldate = {2016-08-16},
 publisher = {{United States Information Agency}},
 editor = {Cincotta, Howard}
}


@book{Dexter.1970,
 author = {Dexter, Lewis Anthony},
 year = {1970},
 title = {Elite and specialized interviewing},
 address = {Evanston},
 publisher = {{Northwestern Univ. Press}},
 isbn = {0810102951},
 series = {Handbooks for research in political behavior}
}


@book{Dressler.2007,
 abstract = {Immer mehr Firmen b{\"u}ndeln ihre administrativen Prozesse in Dienstleistungseinheiten und w{\"a}hlen kosteng{\"u}nstige Standorte in Osteuropa, Indien oder China. Viele Unternehmen trennen sich von Unterst{\"u}tzungsprozessen und legen sie in die H{\"a}nde spezialisierter Dienstleister. S{\"o}ren Dressler erl{\"a}utert auf der Basis seiner umfassenden Erfahrungen als Unternehmensberater und Forscher Begrifflichkeiten und Funktionsweisen, bringt die Konzepte in einen Zusammenhang und schildert M{\"o}glichkeiten und Grenzen sowie Trends. Er zeigt auch, wie Shared Services, Business Process Outsourcing und Offshoring von Experten gesehen werden und wie Verantwortliche in Unternehmen sie gestalten.  Shared Services  keine neue Idee, aber  mehr als nur ein Trend  Business Process Outsourcing  die logische Weiterentwicklung des Shared-Services-Gedankens  Shared Service Center oder Business Process Outsourcing  eine Grundsatzfrage mit strategischen Implikationen  Offshoring  die globale Allokation der Arbeit  Location  die Wahl des richtigen Standorts  AusblickEin praktischer Leitfaden f{\"u}r die Umsetzung von Shared Services und Business Process Outsourcing sowie zur Wahl der richtigen Standorte. Mit konkreten Handlungsempfehlungen und vielen Best-Practice-Beispielen.S{\"o}ren Dressler ist Professor f{\"u}r Internationales Controlling an der FHTW Berlin und Direktor des Offshoring Institute, einer unabh{\"a}ngigen Forschungseinrichtung, die sich mit der Standortwahl f{\"u}r die BPO-, ITO- und Shared-Services-Branche befasst. Davor war er mehrere Jahre in der Managementberatung t{\"a}tig.},
 author = {Dressler, S{\"o}ren},
 year = {2007},
 title = {Shared Services, Business Process Outsourcing und Offshoring},
 keywords = {Device=Improof{\_}1, PageSize=A3, PrepsScreening=value},
 address = {s.l.},
 edition = {1. Aufl.},
 publisher = {{Gabler Verlag}},
 isbn = {978-3-8349-0257-3},
 doi = {10.1007/978-3-8349-9266-6}
}


@article{Eickelpasch.2015,
 author = {Eickelpasch, Alexander},
 year = {2015},
 title = {Outsourcing und Offshoring in der deutschen Industrie},
 pages = {55--77},
 volume = {84},
 number = {1},
 issn = {0340-1707},
 journal = {Vierteljahrshefte zur Wirtschaftsforschung},
 doi = {10.3790/vjh.84.1.55}
}


@article{FosterMcGregor.2016,
 author = {Foster-McGregor, Neil and Poeschl, Johannes and Stehrer, Robert},
 year = {2016},
 title = {Offshoring and the Elasticity of Labour Demand},
 keywords = {F16;Labour demand;offshoring},
 pages = {515--540},
 volume = {27},
 number = {3},
 issn = {0923-7992},
 journal = {Open Economies Review},
 doi = {10.1007/s11079-015-9384-6}
}


@incollection{Gorg.2011,
 author = {G{\"o}rg, Holger},
 title = {Globalization, offshoring and jobs},
 pages = {21-},
 publisher = {{World Trade Organization} and {International Labour Office}},
 isbn = {9221245837},
 editor = {Bacchetta, Marc and Jansen, Marion},
 booktitle = {Making globalization socially sustainable},
 year = {2011},
 address = {Geneva}
}


@article{Grossman.2008,
 author = {Grossman, Gene M. and Rossi-Hansberg, Esteban},
 year = {2008},
 title = {Trading Tasks: A Simple Theory of Offshoring},
 pages = {1978--1997},
 volume = {98},
 number = {5},
 issn = {0002-8282},
 journal = {American Economic Review},
 doi = {10.1257/aer.98.5.1978}
}


@article{Heim.2014,
 author = {Heim, Edgar and Matiz, Dario and Ehrat, Matthias},
 year = {2014},
 title = {Offshoring oder Reshoring? Aktuelle Trends und eine Entscheidungshilfe f{\"u}r KMU~in Hochlohnl{\"a}ndern},
 pages = {920--922},
 volume = {109},
 number = {12},
 journal = {ZWF~Produktionsverlagerung}
}


@article{Helpman.1999,
 author = {Helpman, Elhanan},
 year = {1999},
 title = {The Structure of Foreign Trade},
 pages = {121--144},
 volume = {13},
 number = {2},
 issn = {0895-3309},
 journal = {Journal of Economic Perspectives},
 doi = {10.1257/jep.13.2.121}
}


@book{Hutzschenreuter.2007,
 abstract = {Seit einiger Zeit machen Unternehmen verst{\"a}rkt von der M{\"o}glichkeit Gebrauch, neben der Produktion auch zentrale Funktionen wie IT, Finanz- und Rechnungswesen oder Personalwesen im Ausland zu erbringen. Basierend auf einer umfangreichen empirischen Studie von deutschen und amerikanischen Unternehmen liefern die Autoren einen detailreichen {\"U}berblick {\"u}ber den aktuellen Stand des Offshorings von Zentralbereichen in der Praxis. Sie analysieren die bisher erzielten Ergebnisse und zeigen Risiken, Hindernisse und ungenutzte M{\"o}glichkeiten auf. Das Buch hilft Entscheidern in Unternehmen, vor einer geplanten Auslagerung von den Erfahrungen deutscher und amerikanischer Unternehmen zu lernen und den Erfolg bestehender Aktivit{\"a}ten, z.B. im Hinblick auf Einsparpotentiale und Servicequalit{\"a}t, an den Ergebnissen anderer Unternehmen zu messen. Auch Beratungsunternehmen, Service Providern und Wissenschaftlern bietet das Buch einen interessanten Einblick in die Gegenwart und zuk{\"u}nftige Entwicklung des Offshorings.



Unternehmen lassen verst{\"a}rkt zentrale Leistungen wie IT, Finanz- und Rechnungs- oder Personalwesen im Ausland erbringen. Der aktuelle, detaillierte Stand - basierend auf einer umfangreichen empirischen Studie deutscher und US-amerikanischer Unternehmen: Ergebnisse, Risiken, Hindernisse und ungenutzte M{\"o}glichkeiten. F{\"u}r Entscheider, die aus diesen Erfahrungen lernen und den Erfolg ihrer Aktivit{\"a}ten an den Ergebnissen anderer messen wollen.},
 author = {Hutzschenreuter, Thomas and Dresel, Stephan and Ressler, Wolfgang},
 year = {2007},
 title = {Offshoring von Zentralbereichen: Von den Erfahrungen deutscher und amerikanischer Unternehmen lernen},
 address = {Berlin, Heidelberg},
 publisher = {{Springer-Verlag Berlin Heidelberg}},
 isbn = {978-3-540-71934-2},
 institution = {{WHU Otto Beisheim School of Management}}
}


@book{InternationalLabourOffice.2015,
 abstract = {The Global Wage Report analyses the evolution of real wages around the world, giving a unique picture of wage trends and relative purchasing power globally and by region. The 2014/15 edition examines the link between wages and inequality at the household level.},
 author = {{International Labour Office}},
 year = {2015},
 title = {Global wage report 2014/15: Wages and income inequality},
 keywords = {Collective bargaining;Income distribution;Minimum wage;Pay equity;Wages},
 address = {Geneva, Switzerland},
 isbn = {9221286657}
}


@incollection{Jahns.2007,
 author = {Jahns, Christopher and Hartmann, Evi and Bals, Lydia},
 title = {Offshoring:~Analyse der Hintergr{\"u}nde und Potenziale},
 pages = {85--106},
 volume = {v.356},
 publisher = {{DUV Deutscher Universit{\"a}ts-Verlag}},
 isbn = {978-3-8350-0830-4},
 series = {Beitr{\"a}ge zur Produktionswirtschaft},
 editor = {Specht, Dieter},
 booktitle = {Insourcing, Outsourcing, Offshoring},
 year = {2007},
 address = {s.l.}
}


@book{Jemili.2011,
 author = {Jemili, Houssem},
 year = {2011},
 title = {Business Process Offshoring},
 address = {Wiesbaden},
 publisher = {Gabler},
 isbn = {978-3-8349-2880-1},
 doi = {10.1007/978-3-8349-6676-6}
}


@incollection{Khan.2003,
 author = {Khan, Naureen and Currie, Wendy L. and Weerakkody, Visanth and Desai, Bhavini},
 title = {Evaluating Offshore IT~Outsourcing in India:~Supplier and Customer Scenarios},
 publisher = {{IEEE Computer Soc}},
 isbn = {978-0-7695-1874-9},
 editor = {Sprague, Ralph H.},
 booktitle = {Proceedings of the 36th Annual Hawaii International Conference on System Sciences},
 year = {2003},
 address = {Los Alamitos, Calif.}
}


@article{Yang.2016,
 author = {Yang, Chia-Hsuan and Nugent, Rebecca and Fuchs, Erica R.H.},
 year = {2016},
 title = {Gains from others' losses: Technology trajectories and the global division of firms},
 keywords = {Human capital;Innovation;Location of knowledge;manufacturing;offshoring;Product life cycle},
 pages = {724--745},
 volume = {45},
 number = {3},
 issn = {00487333},
 journal = {Research Policy},
 doi = {10.1016/j.respol.2015.12.005}
}

@Comment{jabref-meta: databaseType:bibtex;}
